<record><leader>00000cas a22000007a 4500</leader><controlfield tag="001">10005350</controlfield><controlfield tag="008">831012d18751879riuwr ne      0    0eng d</controlfield><datafield ind1=" " ind2=" " tag="010"><subfield code="a">sn 83021237 </subfield></datafield><datafield ind1=" " ind2=" " tag="040"><subfield code="a">NPX</subfield><subfield code="b">eng</subfield><subfield code="c">NPX</subfield><subfield code="d">RHN</subfield><subfield code="d">OCLCQ</subfield><subfield code="d">OCLCF</subfield><subfield code="d">OCLCO</subfield></datafield><datafield ind1=" " ind2=" " tag="042"><subfield code="a">msc</subfield></datafield><datafield ind1=" " ind2=" " tag="043"><subfield code="a">n-us-ri</subfield></datafield><datafield ind1="0" ind2=" " tag="130"><subfield code="a">Town and country (Providence, R.I.)</subfield></datafield><datafield ind1="1" ind2="0" tag="245"><subfield code="a">Town and country.</subfield></datafield><datafield ind1=" " ind2=" " tag="260"><subfield code="a">Providence, R.I. :</subfield><subfield code="b">S.B. Keach</subfield></datafield><datafield ind1=" " ind2=" " tag="300"><subfield code="a">v.</subfield></datafield><datafield ind1=" " ind2=" " tag="310"><subfield code="a">Weekly</subfield></datafield><datafield ind1="0" ind2=" " tag="362"><subfield code="a">Vol. 1, no. 1 (Jan. 5, 1875)-v. 5, no. 52 (June 25, 1879).</subfield></datafield><datafield ind1=" " ind2=" " tag="500"><subfield code="a">Supported "National Prohibition Ticket" in election of 1876.</subfield></datafield><datafield ind1=" " ind2=" " tag="530"><subfield code="a">Also issued in microform from Bell &amp; Howell, Micro-photo division.</subfield></datafield><datafield ind1=" " ind2="0" tag="651"><subfield code="a">Providence (R.I.)</subfield><subfield code="v">Newspapers.</subfield></datafield><datafield ind1=" " ind2="7" tag="655"><subfield code="a">Newspapers.</subfield><subfield code="2">fast</subfield><subfield code="0">(OCoLC)fst01423814</subfield></datafield><datafield ind1=" " ind2="7" tag="651"><subfield code="a">Rhode Island</subfield><subfield code="z">Providence.</subfield><subfield code="2">fast</subfield><subfield code="0">(OCoLC)fst01204977</subfield></datafield><datafield ind1=" " ind2=" " tag="752"><subfield code="a">United States</subfield><subfield code="b">Rhode Island</subfield><subfield code="c">Providence</subfield><subfield code="d">Providence.</subfield></datafield><datafield ind1="0" ind2="5" tag="780"><subfield code="t">Temple of honor</subfield><subfield code="w">(DLC)sn 91070588</subfield></datafield><datafield ind1="0" ind2="4" tag="785"><subfield code="t">Living issue (Albany, N.Y.)</subfield><subfield code="w">(DLC)sn 83030846</subfield></datafield></record>